@article{lodi2002Survey,
author = {Lodi A.},
title = {Two-dimensional packing problems: A survey},
journal = {Eur. J. Oper. Res.},
year = {2002}
}

@article{martello2003exact,
  title={An Exact Approach to the Strip-Packing Problem},
  author={Martello, Silvano and Monaci, Michele and Vigo, Daniele},
  journal={INFORMS Journal on Computing},
  year={2003}
  }

@article{chen2007twolevel,
  title={A two-level search for 2D rectangular packing problem},
  author={Chen, Mao and Huang, Wenqi},
  journal={Computers \& Industrial Engineering},
  year={2007}
  }

@article{thomas2013hybrid,
  author          = {Thomas, Jaya and Chaudhari, Narendra S.},
  journal         = {IWANN},
  title           = {Hybrid Approach for 2D Strip Packing Problem Using Genetic Algorithm},
  year            = {2013}
}

@article{babaoglu2017fruit,
  title={Solving 2D strip packing problem using fruit fly optimization algorithm},
  author={Babaoğlu, İsmail },
  journal={Procedia Computer Science},
  year={2017}
  }

@article{wei2011skyline,
  title = {A skyline heuristic for the 2D rectangular packing and strip packing problems},
  author = {Wei, Lijun and Oon, Wee-Chong and Zhu, Wenbin and Lim, Andrew},
  journal = {European Journal of Operational Research},
  year = {2011},
}








@article{wascher2007Typo,
author = {Wascher G.},
title = {An improved typology of cutting and packing problems},
journal = {Eur. J. Oper. Res.},
year = {2007}
}

@article{dowsland1991Packing,
author = {Dowsland K. A.},
title = {Packing problems},
journal = {European Journal of Operational Research},
year = {1991}
}

@article{dyckhoff1990Typo,
author = {Dyckhoff H.},
title = {A typology of cutting and packing problems},
journal = {European Journal of Operational Research},
year = {1990}
}

@article{lodi2004models,
author = {Lodi A. and Martello S. and Vigo D.},
title = {Models and Bounds for Two-Dimensional Bin Packing Problems},
journal = {Journal of Combinatorial Optimization},
year = {2004}
}

@article{kenmochi2009branch,
  title={Exact algorithms for the two-dimensional strip packing with and without rotations},
  author={Kenmochi, Mitsutoshi and Imamichi, Takashi and Nonobe, Koji},
  journal={European Journal of Operational Research},
  year={2009}
}

@article{hopper2001empirical,
  title={An empirical investigation of meta-heuristic and heuristic algorithms for a 2D packing problem},
  author={Hopper, E and Turton, BCH},
  journal={European Journal of Operational Research},
  year={2001},
}

@techreport{fekete1997more,
  title={On more-dimensional packing I: Modeling},
  author={Fekete, Sandor P and Schepers, J{\"o}rg},
  year={1997},
  institution={Mathematisches Institut, Universit{\"a}t zu K{\"o}ln}
}











@article{hochbaum1985approximation,
  title={Approximation schemes for covering and packing problems in image processing and VLSI},
  author={Hochbaum, Dorit S and Maass, Wolfgang},
  journal={Journal of the ACM (JACM)},
  year={1985}
}

@article{gilmore1961linear,
  title={A linear programming approach to the cutting-stock problem},
  author={Gilmore, Paul C and Gomory, Ralph E},
  journal={Operations research},
  year={1961},
}

@article{chung82Packing,
author = {Chung, F. R. K. and Garey, M. R. and Johnson, D. S.},
title = {On Packing Two-Dimensional Bins},
journal = {SIAM Journal on Algebraic Discrete Methods},
year = {1982}
}

@article{baker1980orthogonal,
title={Orthogonal packings in two dimensions},
author={Baker, Brenda S and Coffman, E G and Rivest, Ronald L},
journal={SIAM Journal on Computing},
year={1980}, publisher={SIAM}
}
